@book{alma9924489710202466,
abstract = {This book sheds new light on the study of journalism and communication, considering why and how journalism is studied in the 21st century. It notably offers both an international and interdisciplinary comparison of journalism and communication, examining the history of Chinese and Western journalism and addressing the similarities and differences between them. Focusing on the education and training of future journalists, it also provides a comprehensive study of news coverage systems in China and in Western countries, including the processing of news sources, attitudes towards news communication and comparative communication scholarship. Researchers of media and journalism will find this a key read, as well as practicing journalists and students of journalism. .},
author = {Tong, Bing},
address = {Singapore},
booktitle = {Journalism and communication in China and the West : a study of history, education and regulation},
edition = {1st ed. 2020.},
isbn = {981-15-7873-7},
keywords = {Journalism -- China -- History},
language = {eng},
publisher = {Palgrave Macmillan},
series = {Sociology, Media and Journalism in China},
title = {Journalism and communication in China and the West : a study of history, education and regulation / Bing Tong.},
year = {2020},
}

