@book{alma9924603994302466,
address = {Berlin ;},
booktitle = {Journalism},
isbn = {9781501500084},
keywords = {Journalism},
language = {eng},
publisher = {De Gruyter Mouton,},
series = {Handbooks of Communication Science [HoCS] ; 19},
title = {Journalism / Tim P. Vos.},
year = {2018},
}

