@book{alma9923948905902466,
address = {New York},
booktitle = {The crisis of journalism reconsidered : democratic culture, professional codes, digital future},
isbn = {9781316050774},
keywords = {Journalistic ethics},
language = {eng},
publisher = {Cambridge University Press},
title = {The crisis of journalism reconsidered : democratic culture, professional codes, digital future / edited by Jeffrey C. Alexander, Elizabeth Butler Breese, MariÃÅa Luengo.},
year = {2016},
}

