@book{new_science,
author = {Gordon, J. E. (James Edward)},
address = {Princeton, N.J},
booktitle = {The new science of strong materials, or, Why you don't fall through the floor},
edition = {Second edition, first Princeton paperback printing.},
isbn = {0691023808},
keywords = {Materials},
language = {eng},
lccn = {83043103},
publisher = {Princeton University Press},
title = {The new science of strong materials, or, Why you don't fall through the floor / J.E. Gordon.},
year = {1984 - 1976},
}

@book{materials,
abstract = {The ultimate materials engineering text and resource: world class authors; design led-approach, broader scope than other texts; to a level of detail that is appropriate for undergraduate courses; innovative visually lead presentation without any loss of academic rigor or detail; fully linked with the leading materials software package, as used in over 500 engineering departments.It is written for students taking undergraduate level courses in engineering materials, MS&E, manufacturing and design, and related mechanical engineering courses with a materials science and processing electiv},
author = {Ashby, Michael.},
address = {Oxford},
booktitle = {Materials engineering, science, processing and design},
isbn = {1-280-96251-8},
keywords = {Materials science},
language = {eng},
publisher = {Elsevier Butterworth-Heinemann},
title = {Materials engineering, science, processing and design / Michael Ashby, Hugh Shercliff and David Cebon.},
year = {2007},
}


@book{shigley,
author = {Shigley, Joseph Edward.},
address = {New York},
booktitle = {Mechanical engineering design},
edition = {Fifth edition.},
isbn = {0070568812},
keywords = {Machine design},
language = {eng},
publisher = {McGraw-Hill},
series = {McGraw-Hill series in mechanical engineering},
title = {Mechanical engineering design / Joseph Edward Shigley.},
year = {1989},
}


@book{structures,
author = {Gordon, J. E. (James Edward)},
address = {London},
booktitle = {Structures, or why things don't fall down},
isbn = {0140136282},
keywords = {Structural engineering},
language = {eng},
publisher = {Penguin},
title = {Structures, or why things don't fall down / J.E. Gordon.},
year = {1991 - 1978},
}

