@book{materials,
abstract = {The ultimate materials engineering text and resource: world class authors; design led-approach, broader scope than other texts; to a level of detail that is appropriate for undergraduate courses; innovative visually lead presentation without any loss of academic rigor or detail; fully linked with the leading materials software package, as used in over 500 engineering departments.It is written for students taking undergraduate level courses in engineering materials, MS&E, manufacturing and design, and related mechanical engineering courses with a materials science and processing electiv},
author = {Ashby, Michael.},
address = {Oxford},
booktitle = {Materials engineering, science, processing and design},
isbn = {1-280-96251-8},
keywords = {Materials science},
language = {eng},
publisher = {Elsevier Butterworth-Heinemann},
title = {Materials engineering, science, processing and design / Michael Ashby, Hugh Shercliff and David Cebon.},
year = {2007},
}

