@book{structures,
author = {Gordon, J. E. (James Edward)},
address = {London},
booktitle = {Structures, or why things don't fall down},
isbn = {0140136282},
keywords = {Structural engineering},
language = {eng},
publisher = {Penguin},
title = {Structures, or why things don't fall down / J.E. Gordon.},
year = {1991 - 1978},
}

