@book{new_science,
author = {Gordon, J. E. (James Edward)},
address = {Princeton, N.J},
booktitle = {The new science of strong materials, or, Why you don't fall through the floor},
edition = {Second edition, first Princeton paperback printing.},
isbn = {0691023808},
keywords = {Materials},
language = {eng},
lccn = {83043103},
publisher = {Princeton University Press},
title = {The new science of strong materials, or, Why you don't fall through the floor / J.E. Gordon.},
year = {1984 - 1976},
}

