@book{shigley,
author = {Shigley, Joseph Edward.},
address = {New York},
booktitle = {Mechanical engineering design},
edition = {Third edition.},
isbn = {0070568812},
keywords = {Machine design},
language = {eng},
publisher = {McGraw-Hill},
series = {McGraw-Hill series in mechanical engineering},
title = {Mechanical engineering design / Joseph Edward Shigley.},
year = {1977},
}

